
% This reference is visible in the Bibliography, but not in the text above it. To see how this is done, have a look at the code for the 'Introduction'-section
@online{imt_software_wiki,
    author = "", 
    title = "", 
    url = "", 
    urldate = ""      % This is the date we entered the page
}
